@article{hist:2018,
  title={История гиперболических функций: их изучение и некоторые приложения},
  author={В. Ю. Бодряков, А. А. Быков},
  journal={Математическое образование},
  volume={4},
  number={88},
  pages={18--29},
  year={2018},
  publisher={Уральский государственный педагогический университет, г. Екатеринбург}
}

@misc{wolphram:2023,
  title = {Hyperbolic Functions},
  author ={Weisstein, Eric W.},
  note = {Последнее обращение к источнику 05 мая 2023},
  url = {https://mathworld.wolfram.com/HyperbolicFunctions.html}
}

@misc{neural:2021,
  title = {Activation Functions in Neural Networks [12 Types \& Use Cases]},
  author ={Pragati Baheti},
  note = {Последнее обращение к источнику 12 мая 2023},
  url = {https://www.v7labs.com/blog/neural-networks-activation-functions}
}

@misc{japanice:2021,
  title = {Soukyokusen kansuu (sinh,cosh,tanh) no imi seishitsu tanoshii wadai matome},
  author ={Nanba Hiroyuki},
  note = {Последнее обращение к источнику 18 мая 2023},
  url = {https://manabitimes.jp/math/617}
}

@misc{story:2020,
  title = {Hyperbolic functions - Graphs, Properties, and Examples},
  author ={Luke Mastin},
  note = {Последнее обращение к источнику 20 мая 2023},
  url = {https://www.storyofmathematics.com/hyperbolic-functions/}
}

@book{sprav,
  title={Справочник по математике для инженеров и учащихся втузов},
  author={И. Н. Бронштейн, К. А. Семендяев},
  year={2010},
  publisher={Издательство "Лань"}
}